@Misc{minisat,
author =   {Niklas Eén, Niklas Sörensson},
title =    {MiniSat 1.14},
howpublished = {\url{http://minisat.se/Main.html}},
year = {2017}
}